%% This BibTeX bibliography file was created using BibDesk.
%% http://bibdesk.sourceforge.net/


%% Created for Laurent Perrinet at 2019-02-27 20:38:47 +0100 


%% Saved with string encoding Unicode (UTF-8) 



@article{Traver10,
	Author = {Traver, V Javier and Bernardino, Alexandre},
	Date-Modified = {2019-02-27 10:10:54 +0100},
	Journal = {Robotics and Autonomous Systems},
	Number = {4},
	Pages = {378--398},
	Publisher = {Elsevier},
	Title = {A review of log-polar imaging for visual perception in robotics},
	Volume = {58},
	Year = {2010}}
